<?xml version="1.0" encoding="UTF-8"?><collection xmlns="http://www.loc.gov/MARC21/slim"><record><leader>00534nam--2200133-i-4500</leader><controlfield tag="001">000009368</controlfield><controlfield tag="002">20161230</controlfield><controlfield tag="005">20161230201028</controlfield><controlfield tag="008">060222s1000------------r-----000-0-eng-d</controlfield><datafield ind1=" " ind2=" " tag="080"><subfield code="a">621.039:061.3:518.1</subfield></datafield><datafield ind1=" " ind2=" " tag="245"><subfield code="a">Calcul analogique et hybride applique a energe nucleaire,analog and hybrid computation applie d to nuclear energy.symposium international de versailles,l6-18 oct.1968 actes</subfield></datafield><datafield ind1=" " ind2=" " tag="260"><subfield code="a">Bruxelles,Presses Academiques Europeennes,1969 306 P</subfield></datafield><datafield ind1=" " ind2=" " tag="490"><subfield code="a">Association Internationale Pour Le Calcul Analogique</subfield></datafield><datafield ind1=" " ind2=" " tag="852"><subfield code="a">33179</subfield></datafield></record></collection>